@book{LNLP,
    title = {Linear and Nonlinear Programming},
    author = {David G. Luenberger and Yinyu Ye},
    year = {2008},
    edition = {4},
    publisher = {Springer \& Business Media},
    ISBN = {978-0-387-74502-2},
}

@book{LNLO,
    title = {Linear and Nonlinear Optimization},
    author = {Igor Griva and Stephen G. Nash and Ariela Sofer},
    year = {2009},
    edition = {2},
    publisher = {\foreignlanguage{english}{Society for Industrial and
                 Applied Mathematics (SIAM)}},
    ISBN = {978-0-898716-61-0},
}

@book{OPT_ALG_APPLICATION,
    title = {Optimization Algorithms and Applications},
    author = {Rajesh Kumar Arora},
    year = {2015},
    publisher = {Taylor \& Francis Group},
    ISBN = {978-1-4987-2115-8},
}

@book{EOTP,
    title = {Engineering Optimization Theory and Practice},
    author = {Singiresu S. Rao},
    year = {2009},
    edition = {4},
    publisher = {Wiley},
    ISBN = {978-0-470-18352-6},
}

@book{GITO,
    title = {A Gentle Introduction to Optimization},
    author = {B. Guenin and J. K\"{o}nemann and L. Tun\c{c}el},
    year = {2014},
    ISBN = {978-1-107-05344-1},
}

@book{OR,
    title = {Operations Research},
    author = {P. Rama Murthy},
    year = {2007},
    edition = {2},
    publisher = {New Age International},
    ISBN = {978-81-224-2944-2},
}

@book{AFO,
    title = {Algorithms for Optimization},
    author = {Mykel J. Kochenderfer and Tim A. Wheeler},
    year = {2019},
    publisher = {The MIT Press},
}
